<?xml version="1.0" encoding="UTF-8"?><record xmlns="http://www.loc.gov/MARC21/slim" xmlns:cinclude="http://apache.org/cocoon/include/1.0" xmlns:zs="http://www.loc.gov/zing/srw/">
  <leader>00582nz  a2200145n  4500</leader>
  <controlfield tag="001">n  87854512 </controlfield>
  <controlfield tag="003">DLC</controlfield>
  <controlfield tag="005">19880128074338.8</controlfield>
  <controlfield tag="008">871007n| acannaab|          |a aac |||  </controlfield>
  <datafield tag="010" ind1=" " ind2=" ">
    <subfield code="a">n  87854512 </subfield>
  </datafield>
  <datafield tag="040" ind1=" " ind2=" ">
    <subfield code="a">DLC</subfield>
    <subfield code="c">DLC</subfield>
  </datafield>
  <datafield tag="100" ind1="1" ind2="0">
    <subfield code="a">Puusepp, M. Ė.</subfield>
    <subfield code="q">(Mi︠a︡rt Ėugenievich)</subfield>
  </datafield>
  <datafield tag="400" ind1="1" ind2="0">
    <subfield code="a">Puusepp, Mi︠a︡rt Ėugenievich</subfield>
  </datafield>
  <datafield tag="670" ind1=" " ind2=" ">
    <subfield code="a">Tamm, B.G. Analiz i modelirovanie proizvodstvennykh sistem, 1987:</subfield>
    <subfield code="b">t.p. (M.Ė. Puusepp) colophon (Mi︠a︡rt Ėugenievich Puusepp)</subfield>
  </datafield>
  <datafield tag="675" ind1=" " ind2=" ">
    <subfield code="a">Eesti nõuk. ents.;</subfield>
    <subfield code="a">Raamatukr., 1983. Registrid.;</subfield>
    <subfield code="a">Tartu Riikl. Ülik. strukt. ja isikko., 1978.</subfield>
  </datafield>
</record>